<record><leader>00000cas a22000007a 4500</leader><controlfield tag="001">11037721</controlfield><controlfield tag="008">840809d19251955nyuwr ne      0    0eng d</controlfield><datafield ind1=" " ind2=" " tag="010"><subfield code="a">sn 88074072 </subfield></datafield><datafield ind1=" " ind2=" " tag="040"><subfield code="a">VRR</subfield><subfield code="b">eng</subfield><subfield code="c">VRR</subfield><subfield code="d">NPX</subfield><subfield code="d">NYS</subfield><subfield code="d">OCLCQ</subfield></datafield><datafield ind1=" " ind2=" " tag="042"><subfield code="a">msc</subfield></datafield><datafield ind1="0" ind2="0" tag="245"><subfield code="a">Brockport republic and Brockport Democrat.</subfield></datafield><datafield ind1="1" ind2="3" tag="246"><subfield code="a">Republic-Democrat</subfield></datafield><datafield ind1="1" ind2="3" tag="246"><subfield code="a">Shopper's guide</subfield></datafield><datafield ind1=" " ind2=" " tag="260"><subfield code="a">Brockport, N.Y. :</subfield><subfield code="b">P.A. Blossom</subfield></datafield><datafield ind1=" " ind2=" " tag="300"><subfield code="a">v. :</subfield><subfield code="b">ill. ;</subfield><subfield code="c">56 cm.</subfield></datafield><datafield ind1=" " ind2=" " tag="310"><subfield code="a">Weekly</subfield></datafield><datafield ind1="0" ind2=" " tag="362"><subfield code="a">Vol. 69, no. 40, (July 2, 1925)-v. 100, no. 11 (Dec. 22, 1955).</subfield></datafield><datafield ind1=" " ind2=" " tag="500"><subfield code="a">A supplementary "Shopper's guide," with separate numbering, issued, &lt;July 28, 1938&gt;.</subfield></datafield><datafield ind1=" " ind2=" " tag="530"><subfield code="a">Also issued online.</subfield></datafield><datafield ind1=" " ind2="4" tag="651"><subfield code="a">Brockport (N.Y.)</subfield><subfield code="v">Newspapers.</subfield></datafield><datafield ind1=" " ind2=" " tag="752"><subfield code="a">United States</subfield><subfield code="b">New York</subfield><subfield code="c">Monroe</subfield><subfield code="d">Brockport.</subfield></datafield><datafield ind1="0" ind2="4" tag="780"><subfield code="t">Brockport republic</subfield><subfield code="w">(DLC)sn 86053142</subfield></datafield><datafield ind1="0" ind2="4" tag="780"><subfield code="t">Brockport Democrat</subfield><subfield code="w">(DLC)sn 83030957</subfield></datafield><datafield ind1="0" ind2="0" tag="785"><subfield code="t">Republic-Democrat</subfield><subfield code="w">(DLC)sn 88074073</subfield></datafield><datafield ind1="4" ind2="1" tag="856"><subfield code="u">http://news2.nnyln.net/brockport-republic/search.html</subfield></datafield><datafield ind1="1" ind2=" " tag="029"><subfield code="a">AU@</subfield><subfield code="b">000020501087</subfield></datafield></record>